<record xmlns="http://www.loc.gov/MARC21/slim" xmlns:xsi="http://www.w3.org/2001/XMLSchema-instance" xsi:schemaLocation="http://www.loc.gov/MARC21/slim http://www.loc.gov/standards/marcxml/schema/MARC21slim.xsd"><leader>00037nz   2200037n  4500</leader><controlfield tag="001">DNB|119265036</controlfield><controlfield tag="003">DNB</controlfield><controlfield tag="005">20061125021838.0</controlfield><controlfield tag="008">950713|||azznnaa|||||||||||| a|aaa|||| d</controlfield><datafield ind1="7" ind2=" " tag="016"><subfield code="a">119265036</subfield><subfield code="2">GyFmDB</subfield></datafield><datafield ind1=" " ind2=" " tag="035"><subfield code="a">(SWD)4381509-1</subfield></datafield><datafield ind1=" " ind2=" " tag="040"><subfield code="a">0021</subfield><subfield code="b">ger</subfield><subfield code="d">9999</subfield><subfield code="f">RAK-PND</subfield></datafield><datafield ind1=" " ind2=" " tag="043"><subfield code="a">XS---</subfield><subfield code="2">SWD-ISO3166</subfield></datafield><datafield ind1="2" ind2=" " tag="045"><subfield code="b">dv240</subfield><subfield code="b">dv152</subfield></datafield><datafield ind1=" " ind2=" " tag="065"><subfield code="a">4.7p</subfield><subfield code="5">SWD</subfield></datafield><datafield ind1=" " ind2=" " tag="072"><subfield code="a">grc</subfield><subfield code="2">ISO639-2</subfield></datafield><datafield ind1="0" ind2=" " tag="100"><subfield code="a">Diogenes,</subfield><subfield code="c">Babylonius</subfield><subfield code="d">v240-v152</subfield></datafield><datafield ind1="0" ind2=" " tag="400"><subfield code="a">Diogenes,</subfield><subfield code="c">Schüler des Chrysipp</subfield><subfield code="d">v240-v152</subfield></datafield><datafield ind1="0" ind2=" " tag="400"><subfield code="a">Diogenes,</subfield><subfield code="c">von Babylon</subfield><subfield code="d">v240-v152</subfield></datafield><datafield ind1="0" ind2=" " tag="400"><subfield code="a">Diogenes,</subfield><subfield code="c">von Seleukia</subfield><subfield code="d">v240-v152</subfield></datafield><datafield ind1="0" ind2=" " tag="400"><subfield code="a">Diogenes,</subfield><subfield code="c">Stoischer Philosoph</subfield><subfield code="d">v240-v152</subfield></datafield><datafield ind1="0" ind2=" " tag="400"><subfield code="a">Diogenes,</subfield><subfield code="c">Philosophus</subfield><subfield code="d">v240-v152</subfield></datafield><datafield ind1="0" ind2=" " tag="400"><subfield code="a">Diogenes,</subfield><subfield code="c">Stoicus</subfield><subfield code="d">v240-v152</subfield></datafield><datafield ind1="0" ind2=" " tag="400"><subfield code="a">Diogene,</subfield><subfield code="c">di Seleucia</subfield><subfield code="d">v240-v152</subfield></datafield><datafield ind1="0" ind2=" " tag="400"><subfield code="a">Diogene,</subfield><subfield code="c">di Babilonia</subfield><subfield code="d">v240-v152</subfield></datafield><datafield ind1="0" ind2=" " tag="400"><subfield code="a">Diogene,</subfield><subfield code="c">Filosofo Stoico</subfield><subfield code="d">v240-v152</subfield></datafield><datafield ind1="0" ind2=" " tag="400"><subfield code="a">Diogene,</subfield><subfield code="c">Scolaro di Crisippo</subfield><subfield code="d">v240-v152</subfield></datafield><datafield ind1="0" ind2=" " tag="400"><subfield code="a">Diogène,</subfield><subfield code="c">de Babylone</subfield><subfield code="d">v240-v152</subfield></datafield><datafield ind1="0" ind2=" " tag="400"><subfield code="a">Diogenes,</subfield><subfield code="c">of Seleucia</subfield><subfield code="d">v240-v152</subfield></datafield><datafield ind1="0" ind2=" " tag="400"><subfield code="a">Diogenes,</subfield><subfield code="c">the Babylonian</subfield><subfield code="d">v240-v152</subfield></datafield><datafield ind1=" " ind2=" " tag="667"><subfield code="a">TITAN</subfield></datafield><datafield ind1=" " ind2=" " tag="670"><subfield code="a">PAN; Thes. ling. Graec.; Ueberweg</subfield></datafield><datafield ind1=" " ind2=" " tag="678"><subfield code="a">Geburts- und Todesjahr ca.;</subfield><subfield code="a">Griech. Philosoph, Leiter der stoischen Philosophenschule</subfield></datafield><datafield ind1="0" ind2="7" tag="700"><subfield code="a">Diogenes,</subfield><subfield code="c">der Babylonier</subfield><subfield code="d">v240-v152</subfield><subfield code="2">Other Rules</subfield></datafield><datafield ind1=" " ind2=" " tag="922"><subfield code="a">gr</subfield><subfield code="9">1</subfield></datafield></record>